<record><leader>00000cas a2200000 a 4500</leader><controlfield tag="001">9308824</controlfield><controlfield tag="008">830314d18801887ohudr ne      0    0eng c</controlfield><datafield ind1=" " ind2=" " tag="010"><subfield code="a">sn 83045114 </subfield></datafield><datafield ind1=" " ind2=" " tag="040"><subfield code="a">CRL</subfield><subfield code="b">eng</subfield><subfield code="c">CRL</subfield><subfield code="d">NPW</subfield><subfield code="d">NPV</subfield><subfield code="d">NPY</subfield><subfield code="d">NPX</subfield><subfield code="d">DLC</subfield><subfield code="d">KNP</subfield><subfield code="d">NPT</subfield><subfield code="d">KNP</subfield><subfield code="d">NPI</subfield><subfield code="d">KNP</subfield><subfield code="d">ONP</subfield><subfield code="d">KNP</subfield><subfield code="d">ONP</subfield><subfield code="d">KNP</subfield><subfield code="d">MGN</subfield><subfield code="d">ONP</subfield><subfield code="d">NVF</subfield><subfield code="d">DLC</subfield><subfield code="d">OCLCQ</subfield><subfield code="d">DLC</subfield><subfield code="d">OCLCQ</subfield><subfield code="d">CRL</subfield><subfield code="d">OCLCQ</subfield><subfield code="d">OCLCF</subfield><subfield code="d">DLC</subfield></datafield><datafield ind1=" " ind2=" " tag="042"><subfield code="a">pcc</subfield></datafield><datafield ind1=" " ind2=" " tag="043"><subfield code="a">n-us-oh</subfield></datafield><datafield ind1="0" ind2="0" tag="050"><subfield code="a">Newspaper</subfield></datafield><datafield ind1="0" ind2=" " tag="130"><subfield code="a">Cincinnati times-star (Cincinnati, Ohio : 1880)</subfield></datafield><datafield ind1="1" ind2="0" tag="245"><subfield code="a">Cincinnati times-star.</subfield></datafield><datafield ind1="1" ind2=" " tag="246"><subfield code="i">Published on Sunday as:</subfield><subfield code="a">Sunday times-star</subfield><subfield code="f">&lt;Nov. 4, 1883-Dec. 27, 1885&gt;</subfield></datafield><datafield ind1="1" ind2="7" tag="246"><subfield code="a">Cincinnati daily times-star</subfield></datafield><datafield ind1=" " ind2=" " tag="260"><subfield code="a">Cincinnati [Ohio :</subfield><subfield code="b">s.n.],</subfield><subfield code="c">1880-1887.</subfield></datafield><datafield ind1=" " ind2=" " tag="300"><subfield code="a">v.</subfield></datafield><datafield ind1=" " ind2=" " tag="310"><subfield code="a">Daily</subfield></datafield><datafield ind1="0" ind2=" " tag="362"><subfield code="a">Vol. 63, no. 154 (June 28, 1880)-v. 50, no. 93 (Apr. 13, 1887).</subfield></datafield><datafield ind1=" " ind2=" " tag="500"><subfield code="a">Apr. 25, 1940 issue is the 100th anniversary ed. and contains a facsimile of Vol. 1, no. 1 (Apr. 25, 1849)--of this title: Spirit of the times.</subfield></datafield><datafield ind1=" " ind2=" " tag="530"><subfield code="a">Also issued on microfilm from Readex Microfilm Products (filmed with other items).</subfield></datafield><datafield ind1=" " ind2=" " tag="580"><subfield code="a">Formed by the union of: Times (Cincinnati, Ohio), and: Cincinnati daily star.</subfield></datafield><datafield ind1=" " ind2="0" tag="651"><subfield code="a">Cincinnati (Ohio)</subfield><subfield code="v">Newspapers.</subfield></datafield><datafield ind1=" " ind2="0" tag="651"><subfield code="a">Hamilton County (Ohio)</subfield><subfield code="v">Newspapers.</subfield></datafield><datafield ind1=" " ind2="7" tag="651"><subfield code="a">Ohio</subfield><subfield code="z">Cincinnati.</subfield><subfield code="2">fast</subfield><subfield code="0">(OCoLC)fst01205142</subfield></datafield><datafield ind1=" " ind2="7" tag="651"><subfield code="a">Ohio</subfield><subfield code="z">Hamilton County.</subfield><subfield code="2">fast</subfield><subfield code="0">(OCoLC)fst01205597</subfield></datafield><datafield ind1=" " ind2="7" tag="655"><subfield code="a">Newspapers.</subfield><subfield code="2">fast</subfield><subfield code="0">(OCoLC)fst01423814</subfield></datafield><datafield ind1=" " ind2=" " tag="752"><subfield code="a">United States</subfield><subfield code="b">Ohio</subfield><subfield code="c">Hamilton</subfield><subfield code="d">Cincinnati.</subfield></datafield><datafield ind1="1" ind2="4" tag="780"><subfield code="t">Times (Cincinnati, Ohio)</subfield><subfield code="w">(DLC)sn 83045681</subfield><subfield code="w">(OCoLC)9472755</subfield></datafield><datafield ind1="1" ind2="4" tag="780"><subfield code="t">Cincinnati daily star</subfield><subfield code="x">2376-0397</subfield><subfield code="w">(DLC)sn 85025759</subfield><subfield code="w">(OCoLC)11898563</subfield></datafield><datafield ind1="0" ind2="0" tag="785"><subfield code="t">Times-star (Cincinnati, Ohio)</subfield><subfield code="w">(DLC)sn 88077448</subfield><subfield code="w">(OCoLC)17937789</subfield></datafield><datafield ind1="1" ind2=" " tag="029"><subfield code="a">AU@</subfield><subfield code="b">000026221689</subfield></datafield></record>